@article{bib:AuthorYear,
	author = "Kevin C. Oeffinger et al.",
	title = "{Breast Cancer Screening for Women at Average Risk: 2015 Guideline
Update From the American Cancer Society}",
	year = "2015",
	journal = "JAMA",
	volume = "1",
	number = "1",
	pages = "",
	note = "{}",
	url= ""
}